@online{biblatex,
  title = {Biblatex – Sophisticated Bibliographies in LaTeX},
  publisher = {Dansk Standard},
  year = {2018},
  author = {Philipp Lehman AND Joseph Wright AND Audrey Boruvka AND Philip Kime},
  url = {https://www.ctan.org/pkg/biblatex}
}

@online{lecture_notes,
  title = {02247 Compiler Construction — Spring 2024},
  year = {2024},
  author = {Alceste Scalas},
  url = {https://courses.compute.dtu.dk/02247/f24/index.html}
}

@online{apache_bcel,
  title = {Apache Commons BCEL},
  year = {2024},
  author = {Apache Software Foundation},
  url = {https://commons.apache.org/proper/commons-bcel/}
}

@online{asm,
  title = {ASM},
  year = {2025},
  author = {Eric Bruneton AND INRIA, France Telecom},
  url = {https://asm.ow2.io/index.html}
}

@online{picocli,
  title = {picocli - a mighty tiny command line interface},
  year = {2025},
  author = {Remko Popma et. al.},
  url = {https://picocli.info/}
}

@online{jep488,
  title = {JEP 488: Primitive Types in Patterns, instanceof, and switch (Second Preview)},
  year = {2025},
  author = {Angelos Bimpoudis AND Alex Buckley AND Maurizio Cimadamore AND Brian Goetz},
  publisher = {Oracle and/or its affiliates},
  url = {https://openjdk.org/jeps/488}
}

@online{jep484,
  title = {JEP 484: Class-File API},
  year = {2025},
  author = {Brian Goetz AND Adam Sotona AND Paul Sandoz},
  publisher = {Oracle and/or its affiliates},
  url = {https://openjdk.org/jeps/484}
}

@online{jep441,
  title = {JEP 441: Pattern Matching for switch},
  year = {2023},
  author = {Gavin Bierman AND Brian Goetz},
  publisher = {Oracle and/or its affiliates},
  url = {https://openjdk.org/jeps/441}
}

@online{jep443,
  title = {JEP 443: Unnamed Patterns and Variables (Preview)},
  year = {2023},
  author = {Angelos Bimpoudis AND Alex Buckley AND Brian Goetz},
  publisher = {Oracle and/or its affiliates},
  url = {https://openjdk.org/jeps/443}
}

@online{jep440,
  title = {JEP 440: Record Patterns},
  year = {2023},
  author = {Gavin Bierman AND Brian Goetz},
  publisher = {Oracle and/or its affiliates},
  url = {https://openjdk.org/jeps/440}
}

@online{jep395,
  title = {JEP 395: Records},
  year = {2024},
  author = {Gavin Bierman AND Alex Buckley AND Brian Goetz},
  publisher = {Oracle and/or its affiliates},
  url = {https://openjdk.org/jeps/395}
}

@online{jep409,
  title = {JEP 409: Sealed Classes},
  year = {2024},
  author = {Gavin Bierman AND Alex Buckley AND Brian Goetz},
  publisher = {Oracle and/or its affiliates},
  url = {https://openjdk.org/jeps/409}
}

@book{campbell,
    author = {Bill Campbell AND Swami Iyer AND Bahar Akbal-Delibas},
    title = {Introduction to Compiler Construction in a Java World},
    publisher = {Chapman and Hall/CRC},
    year = {2012},
    url = {https://doi.org/10.1201/9781482215076}
}

@book{pierce,
    author = {Benjamin C. Pierce},
    title = {Types and Programming Languages},
    publisher = {MIT Press},
    year = {2002},
    ISBN = {9780262162098}
}

@online{cunningham,
    author = {H. Conrad Cunningham},
    title = {Notes on Software Patterns: Pipes and Filters Architectural Pattern},
    year = {2022},
    url = {https://john.cs.olemiss.edu/~hcc/docs/Patterns/Pipes/Pipes.html}
}

@online{fslexyacc,
    author = {Don Syme AND the F\# Community},
    title = {FsLex, FsYacc},
    year = {2019},
    url = {https://fsprojects.github.io/FsLexYacc/}
}

@online{java_record,
  title = {Record (Java SE 24 \& JDK 24)},
  publisher = {Oracle and/or its affiliates},
  year = {2025},
  author = {Oracle},
  url = {https://docs.oracle.com/en/java/javase/24/docs/api/java.base/java/lang/Record.html}
}

@online{monads,
  title = {Notions of computations and monads},
  publisher = {Information and Computation, Volume 93, Issue 1, Elsevier},
  year = {1991},
  author = {Eugenio Moggi},
  url = {https://doi.org/10.1016/0890-5401(91)90052-4}
}

@online{whiteoak,
  title = {Whiteoak: introducing structural typing into java},
  publisher = {ACM SIGPLAN Notices, Volume 43, Issue 10},
  year = {2008},
  author = {Joseph Gil AND Itay Maman},
  url = {https://doi.org/10.1145/1449955.1449771}
}

@book{uncle_bob,
  title = {More C++ gems},
  chapter = {The open-closed principle},
  publisher = {Cambridge University Press},
  year = {2000},
  author = {Robert C. Martin},
  url = {https://dl.acm.org/doi/abs/10.5555/331120.331143}
}

@online{scala3,
  title = {Structural Types - Scala 3 Book},
  publisher = {scala-lang.org},
  year = {2025},
  author = {The Scala Contributers},
  url = {https://docs.scala-lang.org/scala3/book/types-structural.html}
}

@online{wadler,
  title = {The essence of functional programming},
  publisher = {POPL '92: Proceedings of the 19th ACM SIGPLAN-SIGACT symposium on Principles of programming languages},
  year = {1992},
  author = {Philip Wadler},
  url = {https://doi.org/10.1145/143165.143169}
}

@online{hashmap,
  title = {HashMap (Java SE 24 \& JDK 24)},
  publisher = {Oracle and/or its affiliates},
  year = {2025},
  author = {Oracle},
  url = {https://docs.oracle.com/en/java/javase/24/docs/api/java.base/java/util/HashMap.html}
}